\usepackage[utf8]{inputenc}	%%input font setting

@article{nature:CLIC,
      author        = "Ellis, Jonathan Richard and Wilson, Ian H",
      title         = "{New physics with the compact linear collider}",
      journal 	= "Nature",
      volume         = "409",
      year           = "2001",
      pages          = "431-435",
      reportNumber  = "CERN-PS-2000-074-RF",
      url           = "https://cds.cern.ch/record/480403",
}

@techreport{AWAKE:TDR,
      author        = "Caldwell, A and Gschwendtner, E and Lotov, K and Muggli, P
                       and Wing, M",
      title         = "{AWAKE Design Report: A Proton-Driven Plasma Wakefield
                       Acceleration Experiment at CERN}",
      collaboration = "AWAKE Collaboration",
      number        = "CERN-SPSC-2013-013. SPSC-TDR-003",
      month         = "Apr",
      year          = "2013",
      reportNumber  = "CERN-SPSC-2013-013",
      url           = "https://cds.cern.ch/record/1537318",
}

%%%%% AWAKE BPM PAPERS

@article{Shengli:tipp,
      author         = "Liu, Shengli and Verzilov, Victor and Farabolini, Wilfrid
                        and Doebert, Steffen and Schmidt, Janet S.",
      title          = "{Development of the AWAKE Stripline BPM Electronics}",
      booktitle      = "{Proceedings of International Conference on Technology
                        and Instrumentation in Particle Physics 2017 (TIPP2017), 2
                        vol.: Beijing, China, May 22-26, 2017}",
      journal        = "Springer Proc. Phys.",
      volume         = "212",
      year           = "2018",
      pages          = "237-242",
      doi            = "10.1007/978-981-13-1313-4_46",
      SLACcitation   = "%%CITATION = SPPPE,212,237;%%"
}

%%%%% MISC AND PRIVATE COMMUNICATIONS

@misc{Victor:private-comm,
  author = {Verzilov, Viktor},
  howpublished = {Private communication},
  note ={March 2019},
}
